@inbook{beck_1999_guide-to-better-smalltalk,
  author    = {Kent Beck},
  title     = {{Kent Beck's Guide to better Smalltalk}},
  publisher = {Cambridge University Press},
  year      = {1999},
  chapter   = {30},
  pages     = {277--287},
  isbn      = {9780521644372}
}

@book{beck_2003_tdd,
  author    = {Kent Beck},
  title     = {{Test-Driven Development by Example}},
  publisher = {Addison-Wesley},
  year      = {2003},
  isbn      = {9780321146533}
}

@misc{beck_2012_tdd-rediscovery,
  author       = {Kent Beck},
  title        = {Rediscovery of {Test-driven Development}},
  howpublished = {\url{https://qr.ae/pNiVl1}},
  year         = {2012},
  note         = {Utolsó letöltés: 2020-12-02}
}

@misc{codewars,
  title        = {{CodeWars}},
  howpublished = {\url{https://codewars.com}},
  note         = {Utolsó letöltés: 2020-12-03}
}

@misc{elte-biro,
  author       = {ELTE},
  title        = {Biró},
  howpublished = {\url{https://biro.inf.elte.hu}},
  note         = {Utolsó letöltés: 2020-12-03}
}

@misc{elte-mester,
  author       = {ELTE},
  title        = {Mester},
  howpublished = {\url{https://mester.inf.elte.hu}},
  note         = {Utolsó letöltés: 2020-12-03}
}

@misc{elte-mester_gyik,
  author       = {ELTE},
  title        = {Mester -- {G}yakran ismételt kérdéseik},
  howpublished = {\url{https://mester.inf.elte.hu:8181/faces/gyik.html}},
  year         = {Utolsó letöltés: 2020-12-03}
}

@misc{elte-mester_tudnivalok,
  author       = {ELTE},
  title        = {Mester -- {Á}ltalános tudnivalók},
  howpublished = {\url{https://mester.inf.elte.hu:8181/faces/tudni.xhtml}},
  year         = {Utolsó letöltés: 2020-12-03}
}

@misc{exercism,
  title        = {Exercism},
  howpublished = {\url{https://exercism.io}},
  note         = {Utolsó letöltés: 2020-12-03}
}

@misc{exercism_csharp-generator,
  title        = {Exercism {C}\# teszteset generátor},
  howpublished = {\url{https://github.com/exercism/csharp/tree/master/generators}},
  note         = {Utolsó letöltés: 2020-12-03}
}

@misc{exercism_problem-specifications,
  title        = {Exercism feladat specifikációs metaadatbank},
  howpublished = {\url{https://github.com/exercism/problem-specifications}},
  note         = {Utolsó letöltés: 2020-12-03}
}

@misc{fowler_2006_xunit,
  author       = {Martin Fowler},
  title        = {Xunit},
  howpublished = {\url{https://www.martinfowler.com/bliki/Xunit.html}},
  year         = {2006},
  note         = {Utolsó letöltés: 2020-12-02}
}

@misc{hackerrank,
  title        = {{HackerRank}},
  howpublished = {\url{https://hackerrank.com}},
  note         = {Utolsó letöltés: 2020-12-04}
}

@misc{hackerrank_environment,
  title        = {{HackerRank -- Environment}},
  howpublished = {\url{https://hackerrank.com/environment/languages}},
  note         = {Utolsó letöltés: 2020-12-04}
}

@misc{hackerrank_faq,
  title        = {{HackerRank -- Frequently Asked Questions}},
  howpublished = {\url{https://hackerrank.com/faq}},
  note         = {Utolsó letöltés: 2020-12-04}
}

@misc{leetcode,
  title        = {{LeetCode}},
  howpublished = {\url{https://leetcode.com}},
  note         = {Utolsó letöltés: 2020-12-04}
}

@book{osherove_2013_the-art-of-unit-testing,
  author    = {Roy Osherove},
  title     = {The Art of Unit Testing, Second Edition},
  publisher = {Manning Publications},
  year      = {2013},
  isbn      = {9781617290893}
}

@misc{qualified,
  title        = {Qualified},
  howpublished = {\url{https://qualified.io}},
  note         = {Utolsó letöltés: 2020-12-03}
}

@misc{martin_2012_the-clean-architecture,
  title        = {{Robert C. Martin -- The Clean Architecture}},
  howpublished = {\url{http://blog.cleancoder.com/uncle-bob/2012/08/13/the-clean-architecture.html}},
  note         = {Utolsó letöltés: 2020-12-06},
  year={2012}
}

@book{martin_2017_clean-architecture,
  author    = {Robert C. Martin},
  title     = {Clean Architecture: A Craftsman's Guide to Software Structure and Design},
  publisher = {Pearson},
  year      = {2017},
  isbn      = {9780134494166}
}